%% This BibTeX bibliography file was created using BibDesk.
%% http://bibdesk.sourceforge.net/
% Encoding: UTF-8

@article{knuth74,
    author = {Knuth, Donald E.},
    title = {Computer Programming As an Art},
    journal = {Commun. ACM},
    year = {1974},
    pages = {667--673},
    numpages = {7},
    publisher = {ACM},
    address = {New York, NY, USA}
}

@article{knuth92,
    author = {Knuth, Donald E.},
    title = {Two notes on notation},
    journal = {Amer. Math. Monthly},
    volume = {99},
    year = {1992},
    pages = {403--422}
}

@book{lamport94,
    title = {LaTeX: A Document Preparation System},
    author = {Lamport, Leslie},
    year = {1994},
    publisher = {Pearson Education India}
}

@ARTICLE{8939463,
	author={Montanari, Gian Carlo and Bononi, Stefano Franchi and Albertini, Marco and Siripurapu, Srinivas and Seri, Paolo},
	journal={IEEE Transactions on Power Delivery}, 
	title={The Dimensional Approach in the Design and Qualification Tests of AC and DC HV Cables: The Occhini Approach Revisited}, 
	year={2020},
	volume={35},
	number={5},
	pages={2119-2126},
	doi={10.1109/TPWRD.2019.2961775}
}

%per motivare simulazioni 3d
@INPROCEEDINGS{9474605,
	author={Rizzo, Giuseppe and Romano, Pietro and Imburgia, Antonino and Albertini, Marco and Bononi, Stefano Franchi and Siripurapu, Srini and Ala, Guido},
	booktitle={2021 AEIT HVDC International Conference (AEIT HVDC)}, 
	title={The effect of Transient Over Voltages on the Partial Discharges activity in HVDC joints}, 
	year={2021},
	volume={},
	number={},
	pages={1-6},
	doi={10.1109/AEITHVDC52364.2021.9474605}}
	
	
@Article{en13195189,
	AUTHOR = {Jörgens, Christoph and Clemens, Markus},
	TITLE = {A Review about the Modeling and Simulation of Electro-Quasistatic Fields in HVDC Cable Systems},
	JOURNAL = {Energies},
	VOLUME = {13},
	YEAR = {2020},
	NUMBER = {19},
	ARTICLE-NUMBER = {5189},
	URL = {https://www.mdpi.com/1996-1073/13/19/5189},
	ISSN = {1996-1073},
	DOI = {10.3390/en13195189}
}
	
	
	
@article{circuitalmodel,
  author  = {Pasquale Cambareri, Carlo De Falco, Luca Di Rienzo, Paolo Seri, Gian Carlo Montanari}, 
  title   = {Circuital Modelling of Polarization and Depolarization Currents in Polymeric Materials under Low Electric Fields},
  journal = {IEEE Transactions on Dielectrics and Electrical Insulation},
  year    = 2023,
  number  = 3,
  pages   = {963-972},
  month   = 6,
  note    = {}, 
  volume  = 30
}

@article{Nanz,
author  = {Riccardo Gusmeroli, Alessandro S. Spinelli}, 
title   = {Accurate Boundary Integral Calculation in Semiconductor Device Simulation},
journal = {IEEE TRANSACTIONS ON ELECTRON DEVICES},
year    = 2006,
number  = 7,
pages   = {1730-1733},
month   = 7,
note    = {}, 
volume  = 53
}

@article{https://doi.org/10.1002/jnm.2713,
	author = {Jörgens, Christoph and Clemens, Markus},
	title = {Fast calculation of steady-state charge distribution in high voltage power cables},
	journal = {International Journal of Numerical Modelling: Electronic Networks, Devices and Fields},
	volume = {33},
	number = {5},
	pages = {e2713},
	keywords = {field inversion, high voltage direct current, organic insulation, power cables, space charges},
	doi = {https://doi.org/10.1002/jnm.2713},
	url = {https://onlinelibrary.wiley.com/doi/abs/10.1002/jnm.2713},
	eprint = {https://onlinelibrary.wiley.com/doi/pdf/10.1002/jnm.2713},
	year = {2020}
}

@article{simulation-transient-HVDC,
author  = {Pasquale Cambareri, Carlo de Falco, Luca Di Rienzo, Paolo Seri, Gian Carlo Montanari}, 
title   = {Simulation andModelling of Transient Electric Fields in HVDC Insulation Systems Based on Polarization CurrentMeasurements},
journal = {Energies},
year    = 2021,
number  = 8323,
note    = {}, 
volume  = 14
%pages   = {963-972},
%month   = 6,
}

@article{ancient_and_modern_cables,
  author  = {G Hyson }, 
  title   = {Power Cables: Ancient and Modern},
  journal = {Electronics and Power},
  year    = 1974,
  number  = 11,
  pages   = {450-453},
  month   = 6,
  note    = {}, 
  volume  = 20
}

@article{design-install-hvdc,
author  = {Louise Våbenø, Ove T. Gudmestad}, 
title   = {Design and installation of high voltage cables at sea},
journal = {International Journal of Energy Production and Management},
year    = 2018,
number  = 3,
pages   = {201-213},
note    = {}, 
volume  = 3
%month   = 6,
}

@article{time-dep-layered,
author  = {Gunnar Håkonseth, Erling Ildstad}, 
title   = {Time-Dependent Electric Field Distribution in Layered Paper–Oil Insulation,
journal = {26th Nordic Insulation Symposium on Materials, Components and Diagnostics (NORD-IS 19)},
year    = 2019,
%number  = ,
%pages   = {},
%month   = 6,
%note    = {}, 
%volume  = 20
}

@book{book,
  author    = {Peter Babington}, 
  title     = {The title of the work},
  publisher = {The name of the publisher},
  year      = 1993,
  volume    = 4,
  series    = 10,
  address   = {The address},
  edition   = 3,
  month     = 7,
  note      = {An optional note},
  isbn      = {3257227892}
}

@booklet{booklet,
  title        = {The title of the work},
  author       = {Peter Caxton}, 
  howpublished = {How it was published},
  address      = {The address of the publisher},
  month        = 7,
  year         = 1993,
  note         = {An optional note}
}

@conference{conference,
  author       = {Peter Draper}, 
  title        = {The title of the work},
  booktitle    = {The title of the book},
  year         = 1993,
  editor       = {The editor},
  volume       = 4,
  series       = 5,
  pages        = 213,
  address      = {The address of the publisher},
  month        = 7,
  organization = {The organization},
  publisher    = {The publisher},
  note         = {An optional note}  
}

@conference{ADE-FDTD-art,
	author       = {Bingkang Chen}, 
	title        = {{ADE-FDTD} method for study of two-dimensional electromagnetic wave propagation in lossy lorentz medium},
	booktitle    = {MATEC Web Conf.},
	year         = 2020,
	editor       = {},
	volume       = 309,
	series       = 01002,
	pages        = ,
	address      = {School of Information Science and Engineering, Linyi University, Linyi, 276000, China},
	month        = 4,
	organization = {2019 International Conference on Computer Science Communication and Network Security}},
	publisher    = {MATEC Web Conf.},
	note         = {}  
}

@inbook{inbook,
  author       = {Peter Eston}, 
  title        = {The title of the work},
  chapter      = 8,
  pages        = {201-213},
  publisher    = {The name of the publisher},
  year         = 1993,
  volume       = 4,
  series       = 5,
  address      = {The address of the publisher},
  edition      = 3,
  month        = 7,
  note         = {An optional note}
}

@incollection{incollection,
  author       = {Peter Farindon}, 
  title        = {The title of the work},
  booktitle    = {The title of the book},
  publisher    = {The name of the publisher},
  year         = 1993,
  editor       = {The editor},
  volume       = 4,
  series       = 5,
  chapter      = 8,
  pages        = {201-213},
  address      = {The address of the publisher},
  edition      = 3,
  month        = 7,
  note         = {An optional note}
}

@manual{manual,
  title        = {The title of the work},
  author       = {Peter Gainsford}, 
  organization = {The organization},
  address      = {The address of the publisher},
  edition      = 3,
  month        = 7,
  year         = 1993,
  note         = {An optional note}
}

@mastersthesis{mastersthesis,
  author       = {Peter Harwood}, 
  title        = {The title of the work},
  school       = {The school of the thesis},
  year         = 1993,
  address      = {The address of the publisher},
  month        = 7,
  note         = {An optional note}
}

@misc{misc,
  author       = {Peter Isley}, 
  title        = {The title of the work},
  howpublished = {How it was published},
  month        = 7,
  year         = 1993,
  note         = {An optional note}
}

@phdthesis{thesis-pasquale-africa,
  author       = {Pasquale Africa}, 
  title        = {ScalableAdaptive Simulation of Organic Thin-Film Transistors},
  school       = {Politecnico di Milano},
  year         = 2019,
  address      = {},
  month        = 7,
  note         = {}
}

@phdthesis{cambarerithesis,
  author       = {Pasquale Cambareri}, 
  title        = {Electric Field  Modelling in HVDC Insulation Systems},
  school       = {Politecnico di Milano},
  year         = 2023,
  address      = {},
  month        = 5,
  note         = {}
}

@phdthesis{hakonseththesis,
  author       = {Gunnar Håkonseth}, 
  title        = {Transient Electric Field Distribution Estimates for Layered Paper-Oil High Voltage Direct Current Insulation},
  school       = {Norwegian University of Science and Technology},
  year         = 2020,
  address      = {},
  month        = ,
  note         = {}
}

@phdthesis{ADE-FDTD-thesis,
author       = {Michael W. Ammann}, 
title        = {Non-Trivial Materials in EM-FDTD},
school       = {Department of Physics Swiss Federal Institute of Technology (ETH) Zurich},
year         = 2007,
address      = {},
month        = 3,
note         = {}
}

@proceedings{proceedings,
  title        = {The title of the work},
  year         = 1993,
  editor       = {Peter Kidwelly},
  volume       = 4,
  series       = 5,
  address      = {The address of the publisher},
  month        = 7,
  organization = {The organization},
  publisher    = {The name of the publisher},
  note         = {An optional note}
}

@techreport{techreport,
  author       = {Peter Lambert}, 
  title        = {The title of the work},
  institution  = {The institution that published},
  year         = 1993,
  number       = 2,
  address      = {The address of the publisher},
  month        = 7,
  note         = {An optional note}
}

@unpublished{unpublished,
  author       = {Peter Marcheford}, 
  title        = {The title of the work},
  note         = {An optional note},
  month        = 7,
  year         = 1993
}

@online{online,
  author       = {MultiMedia LLC}, 
  title        = {{MS Windows NT} Kernel Description},
  year         = 1999,
  url          = {http://www.whateveritis.com},
  urldate      = {2010-09-30}
}

@patent{edison,
    title      = {Electric distribution system},
    author     = {Edison, Thomas A.},
    number     = {266793},
    type       = {patentus},
    date       = {1882-10-31}
}

@article{oetiker1995not,
  title={The not so short introduction to LATEX2$\varepsilon$},
  author={Oetiker, Tobias and Partl, Hubert and Hyna, Irene and Schlegl, Elisabeth},
  journal={Electronic document available at http://www. tex. ac. uk/tex-archive/info/lshort},
  year={1995},
  publisher={Citeseer}
}

@book{kottwitz2015latex,
  title={LaTeX Cookbook},
  author={Kottwitz, Stefan},
  year={2015},
  publisher={Packt Publishing Ltd}
}

@misc{bibtex,
  author       = {CTAN}, 
  title        = {{B}i{B}{T}e{X} Documentation},
  url          = {https://ctan.org/topic/bibtex-doc},
  year         = {2017}
}

@misc{africa2022scalable,
	title={Scalable Recovery-based Adaptation on Quadtree Meshes for Advection-Diffusion-Reaction Problems}, 
	author={Pasquale Claudio Africa and Simona Perotto and Carlo de Falco},
	year={2022},
	eprint={2212.05945},
	archivePrefix={arXiv},
	primaryClass={math.NA}
}